<record><leader>01610cam a2200397 a 4500</leader><controlfield tag="001">1355182</controlfield><controlfield tag="008">910208s1985    onca     b      1 0 eng d</controlfield><datafield ind1=" " ind2=" " tag="010"><subfield code="a">   85180816</subfield></datafield><datafield ind1=" " ind2=" " tag="010"><subfield code="a">   85180816</subfield></datafield><datafield ind1=" " ind2=" " tag="020"><subfield code="a">0888350147</subfield></datafield><datafield ind1=" " ind2=" " tag="035"><subfield code="a">ocm12907266</subfield></datafield><datafield ind1=" " ind2=" " tag="040"><subfield code="a">DLC</subfield><subfield code="b">eng</subfield><subfield code="c">DLC</subfield></datafield><datafield ind1=" " ind2=" " tag="043"><subfield code="a">n-us---</subfield><subfield code="a">n-cn---</subfield></datafield><datafield ind1=" " ind2=" " tag="049"><subfield code="a">ACAL</subfield></datafield><datafield ind1=" " ind2=" " tag="049"><subfield code="a">AEU</subfield><subfield code="b">eng</subfield></datafield><datafield ind1="0" ind2="0" tag="050"><subfield code="a">F1035.I6</subfield><subfield code="b">A37 1985</subfield></datafield><datafield ind1="0" ind2=" " tag="082"><subfield code="a">971/.0049162</subfield><subfield code="2">19</subfield></datafield><datafield ind1="0" ind2=" " tag="090"><subfield code="a">FC 106 I6 A313 1985</subfield></datafield><datafield ind1=" " ind2="0" tag="090"><subfield code="a">FC 106 I6 A43 1985</subfield><subfield code="b">ARDC</subfield></datafield><datafield ind1=" " ind2=" " tag="090"><subfield code="a">FC 106 I6 A43 1984</subfield><subfield code="b">ACAL</subfield></datafield><datafield ind1="1" ind2=" " tag="100"><subfield code="a">Akenson, Donald H.</subfield></datafield><datafield ind1="1" ind2="0" tag="245"><subfield code="a">Being had :</subfield><subfield code="b">historians, evidence, and the Irish in North America /</subfield><subfield code="c">Donald Harman Akenson.</subfield></datafield><datafield ind1=" " ind2=" " tag="260"><subfield code="a">Port Credit, Ont., Canada :</subfield><subfield code="b">P.D. Meany,</subfield><subfield code="c">c1985.</subfield></datafield><datafield ind1=" " ind2=" " tag="300"><subfield code="a">243 p. :</subfield><subfield code="b">ill. ;</subfield><subfield code="c">24 cm.</subfield></datafield><datafield ind1=" " ind2=" " tag="336"><subfield code="a">text</subfield><subfield code="b">txt</subfield><subfield code="2">rdacontent</subfield></datafield><datafield ind1=" " ind2=" " tag="337"><subfield code="a">unmediated</subfield><subfield code="b">n</subfield><subfield code="2">rdamedia</subfield></datafield><datafield ind1=" " ind2=" " tag="338"><subfield code="a">volume</subfield><subfield code="b">nc</subfield><subfield code="2">rdacarrier</subfield></datafield><datafield ind1=" " ind2=" " tag="504"><subfield code="a">Includes bibliographical references and index.</subfield></datafield><datafield ind1=" " ind2=" " tag="596"><subfield code="a">16 38 43</subfield></datafield><datafield ind1=" " ind2="0" tag="650"><subfield code="a">Irish Americans</subfield><subfield code="x">Historiography.</subfield></datafield><datafield ind1=" " ind2="0" tag="650"><subfield code="a">Irish</subfield><subfield code="z">Canada</subfield><subfield code="x">Historiography.</subfield></datafield><datafield ind1=" " ind2="0" tag="651"><subfield code="a">Canada</subfield><subfield code="x">Emigration and immigration</subfield><subfield code="x">Historiography.</subfield></datafield><datafield ind1=" " ind2="0" tag="651"><subfield code="a">United States</subfield><subfield code="x">Emigration and immigration</subfield><subfield code="x">Historiography.</subfield></datafield><datafield ind1=" " ind2=" " tag="926"><subfield code="a">FC 106 I6 A313 1985</subfield><subfield code="w">LC</subfield><subfield code="c">1</subfield><subfield code="i">000035752542</subfield><subfield code="d">12/16/2010</subfield><subfield code="e">12/1/2010</subfield><subfield code="l">ON_SHELF</subfield><subfield code="m">UAHSS</subfield><subfield code="n">39</subfield><subfield code="p">$150.00</subfield><subfield code="r">Y</subfield><subfield code="s">Y</subfield><subfield code="t">BOOK</subfield><subfield code="u">2/27/1991</subfield></datafield><datafield ind1=" " ind2=" " tag="926"><subfield code="a">FC 106 I6 A313 1985</subfield><subfield code="w">LC</subfield><subfield code="c">2</subfield><subfield code="i">0162012599518</subfield><subfield code="d">11/10/2005</subfield><subfield code="e">11/6/2005</subfield><subfield code="l">ON_SHELF</subfield><subfield code="m">UABARD</subfield><subfield code="n">6</subfield><subfield code="p">$150.00</subfield><subfield code="r">Y</subfield><subfield code="s">Y</subfield><subfield code="t">BOOK</subfield><subfield code="u">6/21/2001</subfield><subfield code="o">.STAFF.  A0027107</subfield></datafield><datafield ind1=" " ind2=" " tag="926"><subfield code="a">FC 106 I6 A43 1984</subfield><subfield code="w">LC</subfield><subfield code="c">1</subfield><subfield code="i">11910000604170</subfield><subfield code="d">11/12/2004</subfield><subfield code="e">10/28/2004</subfield><subfield code="l">ON_SHELF</subfield><subfield code="m">UAAUG</subfield><subfield code="n">7</subfield><subfield code="r">Y</subfield><subfield code="s">Y</subfield><subfield code="t">BOOK</subfield><subfield code="u">10/26/1994</subfield></datafield></record>